@article{czekala15a,
	adsnote = {Provided by the SAO/NASA Astrophysics Data System},
	adsurl = {http://adsabs.harvard.edu/abs/2015ApJ...806..154C},
	archiveprefix = {arXiv},
	author = {{Czekala}, I. and {Andrews}, S.~M. and {Jensen}, E.~L.~N. and {Stassun}, K.~G. and {Torres}, G. and {Wilner}, D.~J.},
	doi = {10.1088/0004-637X/806/2/154},
	eid = {154},
	eprint = {1505.01850},
	journal = {\apj},
	keywords = {protoplanetary disks; stars: fundamental parameters; stars: individual: AK Sco; stars: pre-main sequence},
	month = jun,
	pages = {154},
	primaryclass = {astro-ph.SR},
	title = {{A Disk-based Dynamical Mass Estimate for the Young Binary AK Sco}},
	volume = 806,
	year = 2015
}

@article{czekala15b,
	adsnote = {Provided by the SAO/NASA Astrophysics Data System},
	adsurl = {http://adsabs.harvard.edu/abs/2015ApJ...812..128C},
	archiveprefix = {arXiv},
	author = {{Czekala}, I. and {Andrews}, S.~M. and {Mandel}, K.~S. and {Hogg}, D.~W. and {Green}, G.~M.},
	doi = {10.1088/0004-637X/812/2/128},
	eid = {128},
	eprint = {1412.5177},
	journal = {\apj},
	keywords = {methods: data analysis; methods: statistical; stars: fundamental parameters; stars: late-type; stars: statistics; techniques: spectroscopic},
	month = oct,
	pages = {128},
	primaryclass = {astro-ph.SR},
	title = {{Constructing a Flexible Likelihood Function for Spectroscopic Inference}},
	volume = 812,
	year = 2015
}

@article{czekala16,
	adsnote = {Provided by the SAO/NASA Astrophysics Data System},
	adsurl = {http://adsabs.harvard.edu/abs/2016arXiv160103806C},
	archiveprefix = {arXiv},
	author = {{Czekala}, I. and {Andrews}, S.~M. and {Torres}, G. and {Jensen}, E.~L.~N. and {Stassun}, K.~G. and {Wilner}, D.~J. and {Latham}, D.~W.},
	eprint = {1601.03806},
	journal = {ArXiv e-prints},
	keywords = {Astrophysics - Solar and Stellar Astrophysics; Astrophysics - Earth and Planetary Astrophysics},
	month = jan,
	primaryclass = {astro-ph.SR},
	title = {{A Disk-based Dynamical Constraint on the Mass of the Young Binary DQ Tau}},
	year = 2016
}

